<?xml version="1.0" encoding="utf-8"?>
<record xmlns="http://www.loc.gov/MARC21/slim" xmlns:xsi="http://www.w3.org/2001/XMLSchema-instance" xsi:schemaLocation="http://www.loc.gov/MARC21/slim http://www.loc.gov/standards/marcxml/schema/MARC21slim.xsd">
	<leader>     nam a22        4500</leader>
	<controlfield tag="001">795624</controlfield>
	<controlfield tag="003">NjP</controlfield>
	<controlfield tag="006">m        d        </controlfield>
	<controlfield tag="007">cr cn |||m|||a</controlfield>
	<controlfield tag="008">161118s1989    ir fh   ob    001 0cara d</controlfield>
	<datafield ind1=" " ind2=" " tag="040">
		<subfield code="a">NNU</subfield>
		<subfield code="b">eng</subfield>
		<subfield code="e">rda</subfield>
		<subfield code="c">NNU</subfield>
	</datafield>
	<datafield ind1=" " ind2="4" tag="050">
		<subfield code="a">BP192.8.T87</subfield>
		<subfield code="b">I42 1989</subfield>
	</datafield>
	<datafield ind1="1" ind2=" " tag="100">
		<subfield code="6">880-01</subfield>
		<subfield code="a">Tustarī, ʻAbd Allāh ibn Nūr al-Dīn,</subfield>
		<subfield code="d">1701-1759 or 1760.</subfield>
	</datafield>
	<datafield ind1="1" ind2="3" tag="245">
		<subfield code="6">880-02</subfield>
		<subfield code="a">al-Ijāzah al-kabīrah /</subfield>
		<subfield code="c">li-ʻAbd Allāh al-Mūsawī al-Jazāʼirī al-Tustarī ; maʻa muqaddamah li-Āyat Allāh al-ʻUẓmá al-Marʻashī al-Najafī ; taḥqīq Muḥammad Samāmī al-Ḥāiʼrī ; ishrāf Maḥmūd al-Marʻashī.</subfield>
	</datafield>
	<datafield ind1=" " ind2=" " tag="250">
		<subfield code="6">880-03</subfield>
		<subfield code="a">al-Ṭabʻah 1.</subfield>
	</datafield>
	<datafield ind1=" " ind2=" " tag="260">
		<subfield code="6">880-04</subfield>
		<subfield code="a">Qum :</subfield>
		<subfield code="b">Maktabat Āyat Allāh al-ʻUẓmá al-Marʻashī al-Najafī al-ʻĀmmah,</subfield>
		<subfield code="c">1409 [i.e. 1989]</subfield>
	</datafield>
	<datafield ind1=" " ind2=" " tag="300">
		<subfield code="a">online resource (57, 318 pages, [5] pages of plates) :</subfield>
		<subfield code="b">facsimiles</subfield>
	</datafield>
	<datafield ind1=" " ind2=" " tag="336">
		<subfield code="a">text</subfield>
		<subfield code="2">rdacontent</subfield>
	</datafield>
	<datafield ind1=" " ind2=" " tag="337">
		<subfield code="a">computer</subfield>
		<subfield code="2">rdamedia</subfield>
	</datafield>
	<datafield ind1=" " ind2=" " tag="338">
		<subfield code="a">online resource</subfield>
		<subfield code="2">rdacarrier</subfield>
	</datafield>
	<datafield ind1="1" ind2=" " tag="490">
		<subfield code="6">880-05</subfield>
		<subfield code="a">Makhṭūṭāt Maktabat Āyat Allāh al-Marʻashī al-ʻĀmmah ;</subfield>
		<subfield code="v">23</subfield>
	</datafield>
	<datafield ind1=" " ind2=" " tag="500">
		<subfield code="a">In Arabic.</subfield>
	</datafield>
	<datafield ind1=" " ind2=" " tag="500">
		<subfield code="a">Part of the Arabic Collections Online (ACO) project, contributed by Princeton University Libraries.</subfield>
	</datafield>
	<datafield ind1=" " ind2=" " tag="504">
		<subfield code="a">Includes bibliographical references and indexes.</subfield>
	</datafield>
	<datafield ind1=" " ind2=" " tag="533">
		<subfield code="a">Electronic reproduction.</subfield>
		<subfield code="b">New York, N.Y. :</subfield>
		<subfield code="c">New York University,</subfield>
		<subfield code="d">2016.</subfield>
		<subfield code="5">NNU</subfield>
	</datafield>
	<datafield ind1=" " ind2="0" tag="650">
		<subfield code="a">Muslim scholars</subfield>
		<subfield code="v">Biography</subfield>
		<subfield code="v">Early works to 1800.</subfield>
	</datafield>
	<datafield ind1=" " ind2="0" tag="650">
		<subfield code="a">Ulama</subfield>
		<subfield code="v">Biography</subfield>
		<subfield code="v">Early works to 1800.</subfield>
	</datafield>
	<datafield ind1=" " ind2="0" tag="650">
		<subfield code="a">Shiites</subfield>
		<subfield code="v">Biography</subfield>
		<subfield code="v">Early works to 1800.</subfield>
	</datafield>
	<datafield ind1=" " ind2="7" tag="650">
		<subfield code="a">Muslim scholars.</subfield>
		<subfield code="2">fast</subfield>
		<subfield code="0">(OCoLC)fst01731774</subfield>
	</datafield>
	<datafield ind1=" " ind2="7" tag="650">
		<subfield code="a">Shiites.</subfield>
		<subfield code="2">fast</subfield>
		<subfield code="0">(OCoLC)fst01115976</subfield>
	</datafield>
	<datafield ind1=" " ind2="7" tag="650">
		<subfield code="a">Ulama.</subfield>
		<subfield code="2">fast</subfield>
		<subfield code="0">(OCoLC)fst01160605</subfield>
	</datafield>
	<datafield ind1=" " ind2="7" tag="655">
		<subfield code="a">Biography.</subfield>
		<subfield code="2">fast</subfield>
		<subfield code="0">(OCoLC)fst01423686</subfield>
	</datafield>
	<datafield ind1=" " ind2="7" tag="655">
		<subfield code="a">Early works.</subfield>
		<subfield code="2">fast</subfield>
		<subfield code="0">(OCoLC)fst01411636</subfield>
	</datafield>
	<datafield ind1="1" ind2=" " tag="700">
		<subfield code="a">Samāmī Ḥāʼirī, Muḥammad.</subfield>
	</datafield>
	<datafield ind1="2" ind2=" " tag="710">
		<subfield code="a">Princeton University.</subfield>
		<subfield code="b">Library.</subfield>
	</datafield>
	<datafield ind1="0" ind2=" " tag="730">
		<subfield code="a">Arabic Collections Online.</subfield>
	</datafield>
	<datafield ind1="0" ind2="8" tag="776">
		<subfield code="i">Print version:</subfield>
		<subfield code="a">Tustarī, ʻAbd Allāh ibn Nūr al-Dīn, 1701-1759 or 1760.</subfield>
		<subfield code="t">al-Ijāzah al-kabīrah</subfield>
		<subfield code="w">(NjP)795624</subfield>
		<subfield code="w">(OCoLC)25653334</subfield>
	</datafield>
	<datafield ind1=" " ind2="0" tag="830">
		<subfield code="a">Min makhṭūṭāt Maktabat Āyat Allāh al-Marʻashī al-ʻĀmmah ;</subfield>
		<subfield code="v">23.</subfield>
	</datafield>
	<datafield ind1="4" ind2="0" tag="856">
		<subfield code="u">http://hdl.handle.net/2333.1/cz8w9mts</subfield>
	</datafield>
	<datafield ind1="0" ind2=" " tag="880">
		<subfield code="6">100-01/r</subfield>
		<subfield code="a">عبد الله الموسوي الجزائري التستري.</subfield>
	</datafield>
	<datafield ind1="1" ind2="2" tag="880">
		<subfield code="6">245-02/r</subfield>
		<subfield code="a">الاجازة الكبيرة /</subfield>
		<subfield code="c">لعبد الله الموسوي الجزائري التستري ؛ مع مقدمة لآية الله العظمى المرعشي النجفي ؛ تحقيق محمد سمامي الحائري ؛ اشراف محمود المرعشي.</subfield>
	</datafield>
	<datafield ind1=" " ind2=" " tag="880">
		<subfield code="6">250-03/r</subfield>
		<subfield code="a">الطبعة ١.</subfield>
	</datafield>
	<datafield ind1=" " ind2=" " tag="880">
		<subfield code="6">260-04/r</subfield>
		<subfield code="a">قم :</subfield>
		<subfield code="b">مكتبة آية الله العظمى المرعشي النجفي العامة،</subfield>
		<subfield code="c">١٤٠٩.</subfield>
	</datafield>
	<datafield ind1="0" ind2=" " tag="880">
		<subfield code="6">490-05/r</subfield>
		<subfield code="a">مخطوطات مكتبة آية الله المرعشي العامة ؛</subfield>
		<subfield code="v">٢٣</subfield>
	</datafield>
	<datafield ind1="0" ind2=" " tag="880">
		<subfield code="6">700-00/r</subfield>
		<subfield code="a">محمد سمامي الحائري.</subfield>
	</datafield>
	<datafield ind1=" " ind2=" " tag="959">
		<subfield code="a">NNU</subfield>
		<subfield code="b">WEB</subfield>
		<subfield code="c">GENI</subfield>
		<subfield code="t">0</subfield>
		<subfield code="m">Electronic access</subfield>
		<subfield code="s">01</subfield>
	</datafield>
	<datafield ind1=" " ind2=" " tag="999">
		<subfield code="i">NjP_795624</subfield>
		<subfield code="o">(OCoLC)ocm25653334 </subfield>
		<subfield code="s">princeton_aco000720</subfield>
		<subfield code="e">(ERROR-880)</subfield>
	</datafield>
</record>
